<?xml version="1.0" encoding="UTF-8"?><collection xmlns="http://www.loc.gov/MARC21/slim"><record><leader>00448nam--2200157-i-4500</leader><controlfield tag="001">000006832</controlfield><controlfield tag="002">20161230</controlfield><controlfield tag="005">20170208124751</controlfield><controlfield tag="008">060222s1000------------r-----000-0-eng-d</controlfield><datafield ind1=" " ind2=" " tag="100"><subfield code="a">Carminatti, H</subfield></datafield><datafield ind1=" " ind2=" " tag="245"><subfield code="a">Sobre una nueva serie de isobaros de estano-an timonio</subfield></datafield><datafield ind1=" " ind2=" " tag="260"><subfield code="a">Buenos-Aires</subfield><subfield code="b">Comision Nacional De La Energia Atomica</subfield><subfield code="c">1955</subfield></datafield><datafield ind1=" " ind2=" " tag="300"><subfield code="a">8 p</subfield></datafield><datafield ind1=" " ind2=" " tag="490"><subfield code="a">Publ.Serie Quimica</subfield></datafield><datafield ind1=" " ind2=" " tag="700"><subfield code="a">Rodriquez, J</subfield></datafield><datafield ind1=" " ind2=" " tag="CAT"><subfield code="a">SYS</subfield><subfield code="c">20170208</subfield><subfield code="h">124751</subfield></datafield></record></collection>